@article {FZ07,
    AUTHOR = {Fomin, Sergey and Zelevinsky, Andrei},
     TITLE = {Cluster algebras. {IV}. {C}oefficients},
   JOURNAL = {Compos. Math.},
  FJOURNAL = {Compositio Mathematica},
    VOLUME = {143},
      YEAR = {2007},
    NUMBER = {1},
     PAGES = {112--164},
      ISSN = {0010-437X},
   MRCLASS = {16S99 (05E15 14M17 22E46)},
  MRNUMBER = {2295199 (2008d:16049)},
MRREVIEWER = {Christof Gei{\ss}},
       DOI = {10.1112/S0010437X06002521},
       URL = {http://dx.doi.org/10.1112/S0010437X06002521},
}

@article {Spe09,
    AUTHOR = {Speyer, David E},
     TITLE = {Powers of {C}oxeter elements in infinite groups are reduced},
   JOURNAL = {Proc. Amer. Math. Soc.},
  FJOURNAL = {Proceedings of the American Mathematical Society},
    VOLUME = {137},
      YEAR = {2009},
    NUMBER = {4},
     PAGES = {1295--1302},
      ISSN = {0002-9939},
     CODEN = {PAMYAR},
   MRCLASS = {20F55},
  MRNUMBER = {2465651 (2009i:20079)},
MRREVIEWER = {Tom De Medts},
       DOI = {10.1090/S0002-9939-08-09638-X},
       URL = {http://dx.doi.org/10.1090/S0002-9939-08-09638-X},
}

@article {FZ02,
    AUTHOR = {Fomin, Sergey and Zelevinsky, Andrei},
     TITLE = {Cluster algebras. {I}. {F}oundations},
   JOURNAL = {J. Amer. Math. Soc.},
  FJOURNAL = {Journal of the American Mathematical Society},
    VOLUME = {15},
      YEAR = {2002},
    NUMBER = {2},
     PAGES = {497--529 (electronic)},
      ISSN = {0894-0347},
   MRCLASS = {16S99 (14M99 17B99)},
  MRNUMBER = {1887642 (2003f:16050)},
MRREVIEWER = {Eric N. Sommers},
       DOI = {10.1090/S0894-0347-01-00385-X},
       URL = {http://dx.doi.org/10.1090/S0894-0347-01-00385-X},
}

@article {YZ08,
    AUTHOR = {Yang, Shih-Wei and Zelevinsky, Andrei},
     TITLE = {Cluster algebras of finite type via {C}oxeter elements and
              principal minors},
   JOURNAL = {Transform. Groups},
  FJOURNAL = {Transformation Groups},
    VOLUME = {13},
      YEAR = {2008},
    NUMBER = {3-4},
     PAGES = {855--895},
      ISSN = {1083-4362},
   MRCLASS = {13F99 (17B20 20F55 20G15)},
  MRNUMBER = {2452619 (2009j:13029)},
MRREVIEWER = {Gregoire Dupont},
       DOI = {10.1007/s00031-008-9025-x},
       URL = {http://dx.doi.org/10.1007/s00031-008-9025-x},
}

@incollection {NZ12,
    AUTHOR = {Nakanishi, Tomoki and Zelevinsky, Andrei},
     TITLE = {On tropical dualities in cluster algebras},
 BOOKTITLE = {Algebraic groups and quantum groups},
    SERIES = {Contemp. Math.},
    VOLUME = {565},
     PAGES = {217--226},
 PUBLISHER = {Amer. Math. Soc., Providence, RI},
      YEAR = {2012},
   MRCLASS = {13F60},
  MRNUMBER = {2932428},
MRREVIEWER = {Yu Zhou},
       DOI = {10.1090/conm/565/11159},
       URL = {http://dx.doi.org/10.1090/conm/565/11159},
}

@book {Bou02,
    AUTHOR = {Bourbaki, Nicolas},
     TITLE = {Lie groups and {L}ie algebras. {C}hapters 4--6},
    SERIES = {Elements of Mathematics (Berlin)},
      NOTE = {Translated from the 1968 French original by Andrew Pressley},
 PUBLISHER = {Springer-Verlag, Berlin},
      YEAR = {2002},
     PAGES = {xii+300},
      ISBN = {3-540-42650-7},
   MRCLASS = {17-01 (00A05 20E42 20F55 22-01)},
  MRNUMBER = {1890629 (2003a:17001)},
       DOI = {10.1007/978-3-540-89394-3},
       URL = {http://dx.doi.org/10.1007/978-3-540-89394-3},
}

@book {Rin84,
    AUTHOR = {Ringel, Claus Michael},
     TITLE = {Tame Algebras and Integral Quadratic Forms},
    SERIES = {Lecture Notes in Mathematics (Berlin)},
      NOTE = {},
 PUBLISHER = {Springer-Verlag, Berlin},
      YEAR = {1984},
     PAGES = {},
      ISBN = {},
   MRCLASS = {},
  MRNUMBER = {},
       DOI = {},
       URL = {},
}
