@book {ASS06,
    author = {I. Assem and D. Simson and A. Skowronski},
    publisher = {Cambridge University Press},
    title = {Elements of the Representation Theory of Associative Algebras, Vol. I},
    year = {2006},
}

@book {SS07,
    AUTHOR = {D. Simson and A. Skowro\'nski},
     TITLE = {Elements of the representation theory of associative algebras.
              {V}ol. 2},
    SERIES = {London Mathematical Society Student Texts},
    VOLUME = {71},
      NOTE = {Tubes and concealed algebras of Euclidean type},
 PUBLISHER = {Cambridge University Press, Cambridge},
      YEAR = {2007},
     PAGES = {xii+308},
      ISBN = {978-0-521-54420-7},
   MRCLASS = {16-02 (16G20 16G60 16G70)},
  MRNUMBER = {2360503},
MRREVIEWER = {Apostolos D. Beligiannis},
}

@article {BB76,
    author = {S. Brenner and M. C. R. Butler},
    journal = {J. London Math. Soc.},
    pages = {183--187},
    title = {The equivalence of certain functors occurring in the representation theory of Artin algebras and species},
    volume = {14},
    year = {1976},
}

@article {BFZ05,
    author = {A. Berenstein and S. Fomin and A. Zelevinsky},
    journal = {Duke Math. J.},
    number = {1},
    pages = {1--52},
    title = {Cluster algebras. {III}. {U}pper bounds and double {B}ruhat cells},
    volume = {126},
    year = {2005},
}

@article {BGP73,
    author = {I. N. Bernstein and  I. M. Gel'fand and V. A. Ponomarev},
    journal = {Uspechi Mat. Nauk},
    pages = {19--33},
    title = {Coxeter functors and {G}abriel's theorem},
    volume = {28},
    year = {1973},
}

@article {BMRRT06,
    author = {A. B. Buan and R. Marsh and M. Reineke and I. Reiten and G. Todorov},
    journal = {Adv. Math.},
    number = {2},
    pages = {572--618},
    title = {Tilting theory and cluster combinatorics},
    volume = {204},
    year = {2006},
}

@book {Bou02,
    author = {N. Bourbaki},
    note = {Translated from the 1968 French original by A. Pressley},
    pages = {xii+300},
    publisher = {Springer-Verlag, Berlin},
    series = {Elements of Mathematics (Berlin)},
    title = {Lie groups and {L}ie algebras. {C}hapters 4--6},
    year = {2002},
}

@article {BZ01,
    author = {A. Berenstein and A. Zelevinsky},
    journal = {Invent. Math.},
    number = {1},
    pages = {77--128},
    title = {Tensor product multiplicities, canonical bases and totally positive varieties},
    volume = {143},
    year = {2001},
}

@article {BZ14,
    author = {A. Berenstein and A. Zelevinsky},
    journal = {Int. Math. Res. Not. IMRN},
    number = {6},
    pages = {1651--1688},
    title = {Triangular bases in quantum cluster algebras},
    year = {2014},
}

@article {CB92,
    author = {W. Crawley-Boevey},
    title = {Lectures on Quiver Representations},
    year = {1992},
}

@article {CC06,
    author = {P. Caldero and F. Chapoton},
    journal = {Comment. Math. Helv.},
    number = {3},
    pages = {595--616},
    title = {Cluster algebras as {H}all algebras of quiver representations},
    volume = {81},
    year = {2006},
}

@article {Cha86,
    author = {V. Chari},
    journal = {Invent. Math.},
    pages = {317--335},
    title = {Integrable representations of affine {L}ie algebras},
    volume = {85},
    year = {1986},
}

@article {CI11,
    author = {G. Cerulli-Irelli},
    journal = {J. Algebraic Combin.},
    number = {2},
    pages = {259--276},
    title = {Quiver {G}rassmannians associated with string modules},
    volume = {33},
    year = {2011},
}

@article {CK06,
    author = {P. Caldero and B. Keller},
    journal = {Ann. Sci. \'Ecole Norm. Sup. (4)},
    number = {6},
    pages = {983--1009},
    title = {From triangulated categories to cluster algebras. {II} },
    volume = {39},
    year = {2006},
}

@article {CK08,
    author = {P. Caldero and B. Keller},
    title = {From triangulated categories to cluster algebras},
    journal = {Invent. Math.},
    volume = {172},
    year = {2008},
    number = {1},
    pages = {169--211},
}

@article {CP86,
    author = {V. Chari and A. Pressley},
    journal = {Math. Ann.},
    pages = {87--104},
    title = {New Unitary Representations of Loop Groups},
    volume = {275},
    year = {1986},
}

@article {CP88,
    author = {V. Chari and A. Pressley},
    title = {Integrable representations of twisted affine {L}ie algebras},
    journal = {J. Algebra},
    volume = {113},
    year = {1988},
    number = {2},
    pages = {438--464},
}

@article {CGMMRSW15,
  author   = {M. W. Cheung and M Gross and G. Muller and G. Musiker and D. Rupel and S. Stella and H. Williams},
  title    = {The greedy basis equals the theta basis: a rank two haiku},
  journal  = {Journal of Combinatorial Theory, Series A},
  year     = {2017},
  volume   = {145},
  pages    = {150--171},
  issn     = {0097-3165},
  doi      = {10.1016/j.jcta.2016.08.004},
  fjournal = {Journal of Combinatorial Theory. Series A},
  keywords = {Greedy basis, Broken lines, Theta functions, Cluster algebras, Scattering diagrams},
  mrclass  = {13F60},
  mrnumber = {3551649},
}


@article {Dup12,
    author = {G. Dupont},
    journal = {Int. Math. Res. Not.},
    number = {2},
    pages = {360--393},
    title = {Generic Cluster Characters},
    year = {2012},
}

@article {DWZ10,
    author = {H. Derksen and J. Weyman and A. Zelevinsky},
    journal = {J. Amer. Math. Soc.},
    number = {3},
    pages = {749--790},
    title = {Quivers with potentials and their representations {II}: applications to cluster algebras},
    volume = {23},
    year = {2010},
}

@incollection{FM14,
    AUTHOR = {V. Fock and A. Marshakov},
     TITLE = {Loop groups, clusters, dimers and integrable systems},
 BOOKTITLE = {Geometry and quantization of moduli spaces},
    SERIES = {Adv. Courses Math. CRM Barcelona},
     PAGES = {1--66},
 PUBLISHER = {Birkh\"auser/Springer, Cham},
      YEAR = {2016},
   MRCLASS = {37K30 (13F60 14H70 17B80 37K10)},
  MRNUMBER = {3675462},
MRREVIEWER = {I. S. Krasil\cprime shchik},
}

@article {FZ02,
    author = {S. Fomin and A. Zelevinsky},
    journal = {J. Amer. Math. Soc.},
    number = {2},
    pages = {497--529 (electronic)},
    title = {Cluster algebras. {I}. {F}oundations},
    volume = {15},
    year = {2002},
}

@article {FZ07,
    author = {S. Fomin and A. Zelevinsky},
    journal = {Compos. Math.},
    number = {1},
    pages = {112--164},
    title = {Cluster algebras. {IV}. {C}oefficients},
    volume = {143},
    year = {2007},
}

@article {FZ99,
    author = {S. Fomin and A. Zelevinsky},
    journal = {J. Amer. Math. Soc.},
    number = {2},
    pages = {335--380},
    title = {Double {B}ruhat cells and total positivity},
    volume = {12},
    year = {1999},
}

@article {GHKK14,
    AUTHOR = {M. Gross and P. Hacking and S. Keel and M. Kontsevich},
     TITLE = {Canonical bases for cluster algebras},
   JOURNAL = {J. Amer. Math. Soc.},
  FJOURNAL = {Journal of the American Mathematical Society},
    VOLUME = {31},
      YEAR = {2018},
    NUMBER = {2},
     PAGES = {497--608},
      ISSN = {0894-0347},
   MRCLASS = {13F60 (14J33)},
  MRNUMBER = {3758151},
       URL = {https://doi.org/10.1090/jams/890},
}

@article {GLS11,
    author = {C. Gei{\ss} and B. Leclerc and J. Schr{\"o}er},
    journal = {Adv. Math.},
    number = {1},
    pages = {329--433},
    title = {Kac-{M}oody groups and cluster algebras},
    volume = {228},
    year = {2011},
}

@article {GLS13,
    author = {C. Gei{\ss} and B. Leclerc and J. Schr{\"o}er},
    journal = {Transform. Groups},
    number = {1},
    pages = {149--178},
    title = {Cluster algebras in algebraic {L}ie theory},
    volume = {18},
    year = {2013},
}

@article {GSV12,
    author = {M. Gekhtman and M. Shapiro and A. Vainshtein},
    journal = {J. Eur. Math. Soc. (JEMS)},
    number = {2},
    pages = {541--570},
    title = {Poisson geometry of directed networks in an annulus},
    volume = {14},
    year = {2012},
}

@book {Kac90,
    author = {V. Kac},
    title = {Infinite-dimensional {L}ie algebras},
    edition = {Third},
    publisher = {Cambridge University Press, Cambridge},
    year = {1990},
    pages = {xxii+400},
}
	
@incollection {KP83,
    author = {V. Kac and D. Peterson},
    booktitle = {Arithmetic and Geometry},
    pages = {141--166},
    publisher = {Birkh\"auser, Boston, MA},
    series = {Progr. Math.},
    title = {Regular Functions on Certain Infinite-dimensional Groups},
    volume = {II},
    year = {1983},
}


@article {Kas94,
    author = {M. Kashiwara},
     title = {Crystal bases of modified quantized enveloping algebra},
   JOURNAL = {Duke Math. J.},
  FJOURNAL = {Duke Mathematical Journal},
    VOLUME = {73},
      YEAR = {1994},
    NUMBER = {2},
     PAGES = {383--413}
}

@book {Kum02,
    author = {S. Kumar},
    publisher = {Birkh\"auser, Boston, MA},
    series = {Progr. Math.},
    title = {Kac-Moody groups, their flag varieties, and representation theory},
    volume = {204},
    year = {2002},
}

@article {LLZ14,
    author = {K. Lee and L. Li and A. Zelevinsky},
    title = {Greedy elements in rank 2 cluster algebras}, 
    journal = {Selecta Math.},
    volume = {20},
    year = {2014},
    pages = {57--82}
}

@incollection {Lus94,
    AUTHOR = {G. Lusztig},
     TITLE = {Total positivity in reductive groups},
 BOOKTITLE = {Lie theory and geometry},
    SERIES = {Progr. Math.},
    VOLUME = {123},
     PAGES = {531--568},
 PUBLISHER = {Birkh\"auser Boston, Boston, MA},
      YEAR = {1994},
   MRCLASS = {20G20},
  MRNUMBER = {1327548},
       URL = {https://doi.org/10.1007/978-1-4612-0261-5_20},
}

@article {Lus00,
    author = {G. Lusztig},
    title = {Semicanonical bases arising from enveloping algebras},
    journal = {Adv. Math.},
    volume = {151},
    pages = {129--139},
    year = {2000},
    number = {2}
}

@incollection {NZ12,
    author = {T. Nakanishi and A. Zelevinsky},
    booktitle = {Algebraic groups and quantum groups},
    pages = {217--226},
    publisher = {Amer. Math. Soc., Providence, RI},
    series = {Contemp. Math.},
    title = {On tropical dualities in cluster algebras},
    volume = {565},
    year = {2012},
}

@article {Pal12,
    AUTHOR = {Y. Palu},
     TITLE = {Cluster characters {II}: a multiplication formula},
   JOURNAL = {Proc. Lond. Math. Soc. (3)},
  FJOURNAL = {Proceedings of the London Mathematical Society. Third Series},
    VOLUME = {104},
      YEAR = {2012},
    NUMBER = {1},
     PAGES = {57--78}
}

@book {Rin84,
    author = {C. M. Ringel},
    publisher = {Springer-Verlag, Berlin},
    series = {Lecture Notes in Mathematics (Berlin)},
    title = {Tame Algebras and Integral Quadratic Forms},
    year = {1984},
}

@inproceedings {Rin98,
    author = {C. M. Ringel},
    booktitle = {Proceedings of the {S}ixth {C}onference of the {I}nternational {L}inear {A}lgebra {S}ociety ({C}hemnitz, 1996)},
    journal = {Linear Algebra Appl.},
    pages = {471--493},
    title = {Exceptional modules are tree modules},
    volume = {275/276},
    year = {1998},
}

@ARTICLE {RS15,
  author   = {N. Reading and D. E Speyer},
  title    = {Cambrian frameworks for cluster algebras of affine type},
  journal  = {Trans. Amer. Math. Soc.},
  year     = {2018},
  volume   = {370},
  number   = {2},
  pages    = {1429--1468},
  issn     = {0002-9947},
  fjournal = {Transactions of the American Mathematical Society},
  mrclass  = {13F60 (20F55)},
  mrnumber = {3729507},
  url      = {https://doi.org/10.1090/tran/7193},
}

@article {RS16,
  author        = {{Reading}, N. and {Stella}, S.},
  title         = {{An affine almost positive roots model}},
  journal       = {arXiv math.CO/1707.00340},
  year          = {2017},
  month         = jul,
  archiveprefix = {arXiv},
  eprint        = {1707.00340},
  keywords      = {Mathematics - Combinatorics, Mathematics - Rings and Algebras, Mathematics - Representation Theory, 13F60},
  primaryclass  = {math.CO},
}

@article {Ru11,
    author = {D. Rupel},
    journal = {Int. Math. Res. Not.},
    number = {14},
    pages = {3207--3236},
    title = {On a quantum analogue of the {C}aldero-{C}hapoton formula},
    year = {2011},
}

@article {Ru15,
    author = {D. Rupel},
    journal = {Trans. Amer. Math. Soc.},
    pages = {7061--7102},
    title = {Quantum cluster characters for valued quivers},
    volume = {367},
    year = {2015},
}

@article {Spe09,
    author = {D. E Speyer},
    journal = {Proc. Amer. Math. Soc.},
    number = {4},
    pages = {1295--1302},
    title = {Powers of {C}oxeter elements in infinite groups are reduced},
    volume = {137},
    year = {2009},
}

@article {Wil13,
    author = {H. Williams},
    journal = {Adv. Math.},
    pages = {1--40},
    title = {Cluster ensembles and {K}ac-{M}oody groups},
    volume = {247},
    year = {2013},
}

@article {YZ08,
    author = {S.-W. Yang and A. Zelevinsky},
    journal = {Transform. Groups},
    number = {3-4},
    pages = {855--895},
    title = {Cluster algebras of finite type via {C}oxeter elements and principal minors},
    volume = {13},
    year = {2008},
}
